{
  "$schema": "https://vega.github.io/schema/vega/v5.json",
  "autosize": {"type": "fit", "contains": "padding"},
  "background": "rgba(255, 0, 0, 0)",
  "padding": 5,
  "width": 700,
  "height": 500,
  "title": {
    "anchor": "start",
    "text": "Netflix Streaming Revenues",
    "subtitle": ["Over Time by Quarter", "(in thousands)", "\n"],
    "subtitleColor": "white"
  },
  "style": "cell",
  "data": [
    {
      "name": "data-00a6bdedd8fbb1b7ed21c495843ba5ce",
      "values": [
        {
          "Time": "2018-03-31T00:00:00",
          "Region": "UCAN",
          "Revenues": 1976157,
          "Paid net membership additions (losses)": 2487,
          "Paid memberships at end of period": 60909,
          "Average paying memberships": 59666,
          "Average revenue per membership (2)": 11.04,
          "% change as compared to prior-year period": 0.12,
          "Quarter": "2018\tQ1"
        },
        {
          "Time": "2018-06-30T00:00:00",
          "Region": "UCAN",
          "Revenues": 2049546,
          "Paid net membership additions (losses)": 961,
          "Paid memberships at end of period": 61870,
          "Average paying memberships": 61390,
          "Average revenue per membership (2)": 11.13,
          "% change as compared to prior-year period": 0.13,
          "Quarter": "2018\tQ2"
        },
        {
          "Time": "2018-09-30T00:00:00",
          "Region": "UCAN",
          "Revenues": 2094850,
          "Paid net membership additions (losses)": 1140,
          "Paid memberships at end of period": 63010,
          "Average paying memberships": 62440,
          "Average revenue per membership (2)": 11.18,
          "% change as compared to prior-year period": 0.13,
          "Quarter": "2018\tQ3"
        },
        {
          "Time": "2018-12-31T00:00:00",
          "Region": "UCAN",
          "Revenues": 2160979,
          "Paid net membership additions (losses)": 1747,
          "Paid memberships at end of period": 64757,
          "Average paying memberships": 63884,
          "Average revenue per membership (2)": 11.28,
          "% change as compared to prior-year period": 0.1,
          "Quarter": "2018\tQ4"
        },
        {
          "Time": "2019-03-31T00:00:00",
          "Region": "UCAN",
          "Revenues": 2256851,
          "Paid net membership additions (losses)": 1876,
          "Paid memberships at end of period": 66633,
          "Average paying memberships": 65695,
          "Average revenue per membership (2)": 11.45,
          "% change as compared to prior-year period": 0.04,
          "Quarter": "2019\tQ1"
        },
        {
          "Time": "2019-06-30T00:00:00",
          "Region": "UCAN",
          "Revenues": 2501199,
          "Paid net membership additions (losses)": -132,
          "Paid memberships at end of period": 66501,
          "Average paying memberships": 66567,
          "Average revenue per membership (2)": 12.52,
          "% change as compared to prior-year period": 0.12,
          "Quarter": "2019\tQ2"
        },
        {
          "Time": "2019-09-30T00:00:00",
          "Region": "UCAN",
          "Revenues": 2621250,
          "Paid net membership additions (losses)": 613,
          "Paid memberships at end of period": 67114,
          "Average paying memberships": 66808,
          "Average revenue per membership (2)": 13.08,
          "% change as compared to prior-year period": 0.17,
          "Quarter": "2019\tQ3"
        },
        {
          "Time": "2019-12-31T00:00:00",
          "Region": "UCAN",
          "Revenues": 2671908,
          "Paid net membership additions (losses)": 548,
          "Paid memberships at end of period": 67662,
          "Average paying memberships": 67388,
          "Average revenue per membership (2)": 13.22,
          "% change as compared to prior-year period": 0.17,
          "Quarter": "2019\tQ4"
        },
        {
          "Time": "2020-03-31T00:00:00",
          "Region": "UCAN",
          "Revenues": 2702776,
          "Paid net membership additions (losses)": 2307,
          "Paid memberships at end of period": 69969,
          "Average paying memberships": 68816,
          "Average revenue per membership (2)": 13.09,
          "% change as compared to prior-year period": 0.14,
          "Quarter": "2020\tQ1"
        },
        {
          "Time": "2020-06-30T00:00:00",
          "Region": "UCAN",
          "Revenues": 2839670,
          "Paid net membership additions (losses)": 2935,
          "Paid memberships at end of period": 72904,
          "Average paying memberships": 71437,
          "Average revenue per membership (2)": 13.25,
          "% change as compared to prior-year period": 0.06,
          "Quarter": "2020\tQ2"
        },
        {
          "Time": "2020-09-30T00:00:00",
          "Region": "UCAN",
          "Revenues": 2933445,
          "Paid net membership additions (losses)": 177,
          "Paid memberships at end of period": 73081,
          "Average paying memberships": 72993,
          "Average revenue per membership (2)": 13.4,
          "% change as compared to prior-year period": 0.02,
          "Quarter": "2020\tQ3"
        },
        {
          "Time": "2020-12-31T00:00:00",
          "Region": "UCAN",
          "Revenues": 2979505,
          "Paid net membership additions (losses)": 855,
          "Paid memberships at end of period": 73936,
          "Average paying memberships": 73509,
          "Average revenue per membership (2)": 13.51,
          "% change as compared to prior-year period": 0.02,
          "Quarter": "2020\tQ4"
        },
        {
          "Time": "2021-03-31T00:00:00",
          "Region": "UCAN",
          "Revenues": 3170972,
          "Paid net membership additions (losses)": 448,
          "Paid memberships at end of period": 74384,
          "Average paying memberships": 74160,
          "Average revenue per membership (2)": 14.25,
          "% change as compared to prior-year period": 0.09,
          "Quarter": "2021\tQ1"
        },
        {
          "Time": "2021-06-30T00:00:00",
          "Region": "UCAN",
          "Revenues": 3234643,
          "Paid net membership additions (losses)": -433,
          "Paid memberships at end of period": 73951,
          "Average paying memberships": 74168,
          "Average revenue per membership (2)": 14.54,
          "% change as compared to prior-year period": 0.1,
          "Quarter": "2021\tQ2"
        },
        {
          "Time": "2021-09-30T00:00:00",
          "Region": "UCAN",
          "Revenues": 3257697,
          "Paid net membership additions (losses)": 73,
          "Paid memberships at end of period": 74024,
          "Average paying memberships": 73988,
          "Average revenue per membership (2)": 14.68,
          "% change as compared to prior-year period": 0.1,
          "Quarter": "2021\tQ3"
        },
        {
          "Time": "2021-12-31T00:00:00",
          "Region": "UCAN",
          "Revenues": 3308788,
          "Paid net membership additions (losses)": 1191,
          "Paid memberships at end of period": 75215,
          "Average paying memberships": 74620,
          "Average revenue per membership (2)": 14.78,
          "% change as compared to prior-year period": 0.09,
          "Quarter": "2021\tQ4"
        },
        {
          "Time": "2022-03-31T00:00:00",
          "Region": "UCAN",
          "Revenues": 3350424,
          "Paid net membership additions (losses)": -636,
          "Paid memberships at end of period": 74579,
          "Average paying memberships": 74897,
          "Average revenue per membership (2)": 14.91,
          "% change as compared to prior-year period": 0.05,
          "Quarter": "2022\tQ1"
        },
        {
          "Time": "2022-06-30T00:00:00",
          "Region": "UCAN",
          "Revenues": 3537863,
          "Paid net membership additions (losses)": -1296,
          "Paid memberships at end of period": 73283,
          "Average paying memberships": 73931,
          "Average revenue per membership (2)": 15.95,
          "% change as compared to prior-year period": 0.1,
          "Quarter": "2022\tQ2"
        },
        {
          "Time": "2022-09-30T00:00:00",
          "Region": "UCAN",
          "Revenues": 3601565,
          "Paid net membership additions (losses)": 104,
          "Paid memberships at end of period": 73387,
          "Average paying memberships": 73335,
          "Average revenue per membership (2)": 16.37,
          "% change as compared to prior-year period": 0.12,
          "Quarter": "2022\tQ3"
        },
        {
          "Time": "2022-12-31T00:00:00",
          "Region": "UCAN",
          "Revenues": 3594791,
          "Paid net membership additions (losses)": 909,
          "Paid memberships at end of period": 74296,
          "Average paying memberships": 73842,
          "Average revenue per membership (2)": 16.23,
          "% change as compared to prior-year period": 0.1,
          "Quarter": "2022\tQ4"
        },
        {
          "Time": "2023-03-31T00:00:00",
          "Region": "UCAN",
          "Revenues": 3608645,
          "Paid net membership additions (losses)": 102,
          "Paid memberships at end of period": 74398,
          "Average paying memberships": 74347,
          "Average revenue per membership (2)": 16.18,
          "% change as compared to prior-year period": 0.09,
          "Quarter": "2023\tQ1"
        },
        {
          "Time": "2023-06-30T00:00:00",
          "Region": "UCAN",
          "Revenues": 3599448,
          "Paid net membership additions (losses)": 1173,
          "Paid memberships at end of period": 75571,
          "Average paying memberships": 74985,
          "Average revenue per membership (2)": 16,
          "% change as compared to prior-year period": 0,
          "Quarter": "2023\tQ2"
        },
        {
          "Time": "2023-09-30T00:00:00",
          "Region": "UCAN",
          "Revenues": 3735133,
          "Paid net membership additions (losses)": 1750,
          "Paid memberships at end of period": 77321,
          "Average paying memberships": 76446,
          "Average revenue per membership (2)": 16.29,
          "% change as compared to prior-year period": 0,
          "Quarter": "2023\tQ3"
        },
        {
          "Time": "2018-03-31T00:00:00",
          "Region": "EMEA",
          "Revenues": 886649,
          "Paid net membership additions (losses)": 3335,
          "Paid memberships at end of period": 29339,
          "Average paying memberships": 27672,
          "Average revenue per membership (2)": 10.68,
          "% change as compared to prior-year period": 0.25,
          "Quarter": "2018\tQ1"
        },
        {
          "Time": "2018-06-30T00:00:00",
          "Region": "EMEA",
          "Revenues": 975497,
          "Paid net membership additions (losses)": 1978,
          "Paid memberships at end of period": 31317,
          "Average paying memberships": 30328,
          "Average revenue per membership (2)": 10.72,
          "% change as compared to prior-year period": 0.23,
          "Quarter": "2018\tQ2"
        },
        {
          "Time": "2018-09-30T00:00:00",
          "Region": "EMEA",
          "Revenues": 1004749,
          "Paid net membership additions (losses)": 2519,
          "Paid memberships at end of period": 33836,
          "Average paying memberships": 32577,
          "Average revenue per membership (2)": 10.28,
          "% change as compared to prior-year period": 0.11,
          "Quarter": "2018\tQ3"
        },
        {
          "Time": "2018-12-31T00:00:00",
          "Region": "EMEA",
          "Revenues": 1096812,
          "Paid net membership additions (losses)": 3982,
          "Paid memberships at end of period": 37818,
          "Average paying memberships": 35827,
          "Average revenue per membership (2)": 10.2,
          "% change as compared to prior-year period": 0.03,
          "Quarter": "2018\tQ4"
        },
        {
          "Time": "2019-03-31T00:00:00",
          "Region": "EMEA",
          "Revenues": 1233379,
          "Paid net membership additions (losses)": 4724,
          "Paid memberships at end of period": 42542,
          "Average paying memberships": 40180,
          "Average revenue per membership (2)": 10.23,
          "% change as compared to prior-year period": -0.04,
          "Quarter": "2019\tQ1"
        },
        {
          "Time": "2019-06-30T00:00:00",
          "Region": "EMEA",
          "Revenues": 1319087,
          "Paid net membership additions (losses)": 1687,
          "Paid memberships at end of period": 44229,
          "Average paying memberships": 43386,
          "Average revenue per membership (2)": 10.13,
          "% change as compared to prior-year period": -0.06,
          "Quarter": "2019\tQ2"
        },
        {
          "Time": "2019-09-30T00:00:00",
          "Region": "EMEA",
          "Revenues": 1428040,
          "Paid net membership additions (losses)": 3126,
          "Paid memberships at end of period": 47355,
          "Average paying memberships": 45792,
          "Average revenue per membership (2)": 10.4,
          "% change as compared to prior-year period": 0.01,
          "Quarter": "2019\tQ3"
        },
        {
          "Time": "2019-12-31T00:00:00",
          "Region": "EMEA",
          "Revenues": 1562561,
          "Paid net membership additions (losses)": 4423,
          "Paid memberships at end of period": 51778,
          "Average paying memberships": 49567,
          "Average revenue per membership (2)": 10.51,
          "% change as compared to prior-year period": 0.03,
          "Quarter": "2019\tQ4"
        },
        {
          "Time": "2020-03-31T00:00:00",
          "Region": "EMEA",
          "Revenues": 1723474,
          "Paid net membership additions (losses)": 6956,
          "Paid memberships at end of period": 58734,
          "Average paying memberships": 55256,
          "Average revenue per membership (2)": 10.4,
          "% change as compared to prior-year period": 0.02,
          "Quarter": "2020\tQ1"
        },
        {
          "Time": "2020-06-30T00:00:00",
          "Region": "EMEA",
          "Revenues": 1892537,
          "Paid net membership additions (losses)": 2749,
          "Paid memberships at end of period": 61483,
          "Average paying memberships": 60109,
          "Average revenue per membership (2)": 10.5,
          "% change as compared to prior-year period": 0.04,
          "Quarter": "2020\tQ2"
        },
        {
          "Time": "2020-09-30T00:00:00",
          "Region": "EMEA",
          "Revenues": 2019083,
          "Paid net membership additions (losses)": 759,
          "Paid memberships at end of period": 62242,
          "Average paying memberships": 61863,
          "Average revenue per membership (2)": 10.88,
          "% change as compared to prior-year period": 0.05,
          "Quarter": "2020\tQ3"
        },
        {
          "Time": "2020-12-31T00:00:00",
          "Region": "EMEA",
          "Revenues": 2137158,
          "Paid net membership additions (losses)": 4456,
          "Paid memberships at end of period": 66698,
          "Average paying memberships": 64470,
          "Average revenue per membership (2)": 11.05,
          "% change as compared to prior-year period": 0.05,
          "Quarter": "2020\tQ4"
        },
        {
          "Time": "2021-03-31T00:00:00",
          "Region": "EMEA",
          "Revenues": 2343674,
          "Paid net membership additions (losses)": 1810,
          "Paid memberships at end of period": 68508,
          "Average paying memberships": 67603,
          "Average revenue per membership (2)": 11.56,
          "% change as compared to prior-year period": 0.11,
          "Quarter": "2021\tQ1"
        },
        {
          "Time": "2021-06-30T00:00:00",
          "Region": "EMEA",
          "Revenues": 2400480,
          "Paid net membership additions (losses)": 188,
          "Paid memberships at end of period": 68696,
          "Average paying memberships": 68602,
          "Average revenue per membership (2)": 11.66,
          "% change as compared to prior-year period": 0.11,
          "Quarter": "2021\tQ2"
        },
        {
          "Time": "2021-09-30T00:00:00",
          "Region": "EMEA",
          "Revenues": 2432239,
          "Paid net membership additions (losses)": 1804,
          "Paid memberships at end of period": 70500,
          "Average paying memberships": 69598,
          "Average revenue per membership (2)": 11.65,
          "% change as compared to prior-year period": 0.07,
          "Quarter": "2021\tQ3"
        },
        {
          "Time": "2021-12-31T00:00:00",
          "Region": "EMEA",
          "Revenues": 2523426,
          "Paid net membership additions (losses)": 3536,
          "Paid memberships at end of period": 74036,
          "Average paying memberships": 72268,
          "Average revenue per membership (2)": 11.64,
          "% change as compared to prior-year period": 0.05,
          "Quarter": "2021\tQ4"
        },
        {
          "Time": "2022-03-31T00:00:00",
          "Region": "EMEA",
          "Revenues": 2561831,
          "Paid net membership additions (losses)": -303,
          "Paid memberships at end of period": 73733,
          "Average paying memberships": 73885,
          "Average revenue per membership (2)": 11.56,
          "% change as compared to prior-year period": 0,
          "Quarter": "2022\tQ1"
        },
        {
          "Time": "2022-06-30T00:00:00",
          "Region": "EMEA",
          "Revenues": 2457235,
          "Paid net membership additions (losses)": -767,
          "Paid memberships at end of period": 72966,
          "Average paying memberships": 73350,
          "Average revenue per membership (2)": 11.17,
          "% change as compared to prior-year period": -0.04,
          "Quarter": "2022\tQ2"
        },
        {
          "Time": "2022-09-30T00:00:00",
          "Region": "EMEA",
          "Revenues": 2375814,
          "Paid net membership additions (losses)": 568,
          "Paid memberships at end of period": 73534,
          "Average paying memberships": 73250,
          "Average revenue per membership (2)": 10.81,
          "% change as compared to prior-year period": -0.07,
          "Quarter": "2022\tQ3"
        },
        {
          "Time": "2022-12-31T00:00:00",
          "Region": "EMEA",
          "Revenues": 2350135,
          "Paid net membership additions (losses)": 3195,
          "Paid memberships at end of period": 76729,
          "Average paying memberships": 75132,
          "Average revenue per membership (2)": 10.43,
          "% change as compared to prior-year period": -0.1,
          "Quarter": "2022\tQ4"
        },
        {
          "Time": "2023-03-31T00:00:00",
          "Region": "EMEA",
          "Revenues": 2517641,
          "Paid net membership additions (losses)": 644,
          "Paid memberships at end of period": 77373,
          "Average paying memberships": 77051,
          "Average revenue per membership (2)": 10.89,
          "% change as compared to prior-year period": -0.06,
          "Quarter": "2023\tQ1"
        },
        {
          "Time": "2023-06-30T00:00:00",
          "Region": "EMEA",
          "Revenues": 2562170,
          "Paid net membership additions (losses)": 2434,
          "Paid memberships at end of period": 79807,
          "Average paying memberships": 78590,
          "Average revenue per membership (2)": 10.87,
          "% change as compared to prior-year period": -0.03,
          "Quarter": "2023\tQ2"
        },
        {
          "Time": "2023-09-30T00:00:00",
          "Region": "EMEA",
          "Revenues": 2693146,
          "Paid net membership additions (losses)": 3953,
          "Paid memberships at end of period": 83760,
          "Average paying memberships": 81784,
          "Average revenue per membership (2)": 10.98,
          "% change as compared to prior-year period": 0.02,
          "Quarter": "2023\tQ3"
        },
        {
          "Time": "2018-03-31T00:00:00",
          "Region": "LATAM",
          "Revenues": 540182,
          "Paid net membership additions (losses)": 1543,
          "Paid memberships at end of period": 21260,
          "Average paying memberships": 20489,
          "Average revenue per membership (2)": 8.79,
          "% change as compared to prior-year period": 0.18,
          "Quarter": "2018\tQ1"
        },
        {
          "Time": "2018-06-30T00:00:00",
          "Region": "LATAM",
          "Revenues": 568071,
          "Paid net membership additions (losses)": 1535,
          "Paid memberships at end of period": 22795,
          "Average paying memberships": 22028,
          "Average revenue per membership (2)": 8.6,
          "% change as compared to prior-year period": 0.1,
          "Quarter": "2018\tQ2"
        },
        {
          "Time": "2018-09-30T00:00:00",
          "Region": "LATAM",
          "Revenues": 562307,
          "Paid net membership additions (losses)": 1320,
          "Paid memberships at end of period": 24115,
          "Average paying memberships": 23455,
          "Average revenue per membership (2)": 7.99,
          "% change as compared to prior-year period": -0.03,
          "Quarter": "2018\tQ3"
        },
        {
          "Time": "2018-12-31T00:00:00",
          "Region": "LATAM",
          "Revenues": 567137,
          "Paid net membership additions (losses)": 1962,
          "Paid memberships at end of period": 26077,
          "Average paying memberships": 25096,
          "Average revenue per membership (2)": 7.53,
          "% change as compared to prior-year period": -0.13,
          "Quarter": "2018\tQ4"
        },
        {
          "Time": "2019-03-31T00:00:00",
          "Region": "LATAM",
          "Revenues": 630472,
          "Paid net membership additions (losses)": 1470,
          "Paid memberships at end of period": 27547,
          "Average paying memberships": 26812,
          "Average revenue per membership (2)": 7.84,
          "% change as compared to prior-year period": -0.11,
          "Quarter": "2019\tQ1"
        },
        {
          "Time": "2019-06-30T00:00:00",
          "Region": "LATAM",
          "Revenues": 677136,
          "Paid net membership additions (losses)": 343,
          "Paid memberships at end of period": 27890,
          "Average paying memberships": 27719,
          "Average revenue per membership (2)": 8.14,
          "% change as compared to prior-year period": -0.05,
          "Quarter": "2019\tQ2"
        },
        {
          "Time": "2019-09-30T00:00:00",
          "Region": "LATAM",
          "Revenues": 741434,
          "Paid net membership additions (losses)": 1490,
          "Paid memberships at end of period": 29380,
          "Average paying memberships": 28635,
          "Average revenue per membership (2)": 8.63,
          "% change as compared to prior-year period": 0.08,
          "Quarter": "2019\tQ3"
        },
        {
          "Time": "2019-12-31T00:00:00",
          "Region": "LATAM",
          "Revenues": 746392,
          "Paid net membership additions (losses)": 2037,
          "Paid memberships at end of period": 31417,
          "Average paying memberships": 30399,
          "Average revenue per membership (2)": 8.18,
          "% change as compared to prior-year period": 0.09,
          "Quarter": "2019\tQ4"
        },
        {
          "Time": "2020-03-31T00:00:00",
          "Region": "LATAM",
          "Revenues": 793453,
          "Paid net membership additions (losses)": 2901,
          "Paid memberships at end of period": 34318,
          "Average paying memberships": 32868,
          "Average revenue per membership (2)": 8.05,
          "% change as compared to prior-year period": 0.03,
          "Quarter": "2020\tQ1"
        },
        {
          "Time": "2020-06-30T00:00:00",
          "Region": "LATAM",
          "Revenues": 785368,
          "Paid net membership additions (losses)": 1750,
          "Paid memberships at end of period": 36068,
          "Average paying memberships": 35193,
          "Average revenue per membership (2)": 7.44,
          "% change as compared to prior-year period": -0.09,
          "Quarter": "2020\tQ2"
        },
        {
          "Time": "2020-09-30T00:00:00",
          "Region": "LATAM",
          "Revenues": 789384,
          "Paid net membership additions (losses)": 256,
          "Paid memberships at end of period": 36324,
          "Average paying memberships": 36196,
          "Average revenue per membership (2)": 7.27,
          "% change as compared to prior-year period": -0.16,
          "Quarter": "2020\tQ3"
        },
        {
          "Time": "2020-12-31T00:00:00",
          "Region": "LATAM",
          "Revenues": 788522,
          "Paid net membership additions (losses)": 1213,
          "Paid memberships at end of period": 37537,
          "Average paying memberships": 36931,
          "Average revenue per membership (2)": 7.12,
          "% change as compared to prior-year period": -0.13,
          "Quarter": "2020\tQ4"
        },
        {
          "Time": "2021-03-31T00:00:00",
          "Region": "LATAM",
          "Revenues": 836647,
          "Paid net membership additions (losses)": 357,
          "Paid memberships at end of period": 37894,
          "Average paying memberships": 37716,
          "Average revenue per membership (2)": 7.39,
          "% change as compared to prior-year period": -0.08,
          "Quarter": "2021\tQ1"
        },
        {
          "Time": "2021-06-30T00:00:00",
          "Region": "LATAM",
          "Revenues": 860882,
          "Paid net membership additions (losses)": 764,
          "Paid memberships at end of period": 38658,
          "Average paying memberships": 38276,
          "Average revenue per membership (2)": 7.5,
          "% change as compared to prior-year period": 0.01,
          "Quarter": "2021\tQ2"
        },
        {
          "Time": "2021-09-30T00:00:00",
          "Region": "LATAM",
          "Revenues": 915297,
          "Paid net membership additions (losses)": 330,
          "Paid memberships at end of period": 38988,
          "Average paying memberships": 38823,
          "Average revenue per membership (2)": 7.86,
          "% change as compared to prior-year period": 0.08,
          "Quarter": "2021\tQ3"
        },
        {
          "Time": "2021-12-31T00:00:00",
          "Region": "LATAM",
          "Revenues": 964150,
          "Paid net membership additions (losses)": 973,
          "Paid memberships at end of period": 39961,
          "Average paying memberships": 39475,
          "Average revenue per membership (2)": 8.14,
          "% change as compared to prior-year period": 0.14,
          "Quarter": "2021\tQ4"
        },
        {
          "Time": "2022-03-31T00:00:00",
          "Region": "LATAM",
          "Revenues": 998948,
          "Paid net membership additions (losses)": -351,
          "Paid memberships at end of period": 39610,
          "Average paying memberships": 39786,
          "Average revenue per membership (2)": 8.37,
          "% change as compared to prior-year period": 0.13,
          "Quarter": "2022\tQ1"
        },
        {
          "Time": "2022-06-30T00:00:00",
          "Region": "LATAM",
          "Revenues": 1030234,
          "Paid net membership additions (losses)": 14,
          "Paid memberships at end of period": 39624,
          "Average paying memberships": 39617,
          "Average revenue per membership (2)": 8.67,
          "% change as compared to prior-year period": 0.16,
          "Quarter": "2022\tQ2"
        },
        {
          "Time": "2022-09-30T00:00:00",
          "Region": "LATAM",
          "Revenues": 1023945,
          "Paid net membership additions (losses)": 312,
          "Paid memberships at end of period": 39936,
          "Average paying memberships": 39780,
          "Average revenue per membership (2)": 8.58,
          "% change as compared to prior-year period": 0.09,
          "Quarter": "2022\tQ3"
        },
        {
          "Time": "2022-12-31T00:00:00",
          "Region": "LATAM",
          "Revenues": 1016846,
          "Paid net membership additions (losses)": 1763,
          "Paid memberships at end of period": 41699,
          "Average paying memberships": 40818,
          "Average revenue per membership (2)": 8.3,
          "% change as compared to prior-year period": 0.02,
          "Quarter": "2022\tQ4"
        },
        {
          "Time": "2023-03-31T00:00:00",
          "Region": "LATAM",
          "Revenues": 1070192,
          "Paid net membership additions (losses)": -450,
          "Paid memberships at end of period": 41249,
          "Average paying memberships": 41474,
          "Average revenue per membership (2)": 8.6,
          "% change as compared to prior-year period": 0.03,
          "Quarter": "2023\tQ1"
        },
        {
          "Time": "2023-06-30T00:00:00",
          "Region": "LATAM",
          "Revenues": 1077435,
          "Paid net membership additions (losses)": 1217,
          "Paid memberships at end of period": 42466,
          "Average paying memberships": 41858,
          "Average revenue per membership (2)": 8.58,
          "% change as compared to prior-year period": -0.01,
          "Quarter": "2023\tQ2"
        },
        {
          "Time": "2023-09-30T00:00:00",
          "Region": "LATAM",
          "Revenues": 1142811,
          "Paid net membership additions (losses)": 1179,
          "Paid memberships at end of period": 43645,
          "Average paying memberships": 43056,
          "Average revenue per membership (2)": 8.85,
          "% change as compared to prior-year period": 0.03,
          "Quarter": "2023\tQ3"
        },
        {
          "Time": "2018-03-31T00:00:00",
          "Region": "APAC",
          "Revenues": 199117,
          "Paid net membership additions (losses)": 893,
          "Paid memberships at end of period": 7394,
          "Average paying memberships": 6948,
          "Average revenue per membership (2)": 9.55,
          "% change as compared to prior-year period": 0.08,
          "Quarter": "2018\tQ1"
        },
        {
          "Time": "2018-06-30T00:00:00",
          "Region": "APAC",
          "Revenues": 221252,
          "Paid net membership additions (losses)": 978,
          "Paid memberships at end of period": 8372,
          "Average paying memberships": 7883,
          "Average revenue per membership (2)": 9.36,
          "% change as compared to prior-year period": 0.06,
          "Quarter": "2018\tQ2"
        },
        {
          "Time": "2018-09-30T00:00:00",
          "Region": "APAC",
          "Revenues": 248691,
          "Paid net membership additions (losses)": 1089,
          "Paid memberships at end of period": 9461,
          "Average paying memberships": 8917,
          "Average revenue per membership (2)": 9.3,
          "% change as compared to prior-year period": 0.03,
          "Quarter": "2018\tQ3"
        },
        {
          "Time": "2018-12-31T00:00:00",
          "Region": "APAC",
          "Revenues": 276756,
          "Paid net membership additions (losses)": 1146,
          "Paid memberships at end of period": 10607,
          "Average paying memberships": 10034,
          "Average revenue per membership (2)": 9.19,
          "% change as compared to prior-year period": -0.04,
          "Quarter": "2018\tQ4"
        },
        {
          "Time": "2019-03-31T00:00:00",
          "Region": "APAC",
          "Revenues": 319602,
          "Paid net membership additions (losses)": 1534,
          "Paid memberships at end of period": 12141,
          "Average paying memberships": 11374,
          "Average revenue per membership (2)": 9.37,
          "% change as compared to prior-year period": -0.02,
          "Quarter": "2019\tQ1"
        },
        {
          "Time": "2019-06-30T00:00:00",
          "Region": "APAC",
          "Revenues": 349494,
          "Paid net membership additions (losses)": 801,
          "Paid memberships at end of period": 12942,
          "Average paying memberships": 12542,
          "Average revenue per membership (2)": 9.29,
          "% change as compared to prior-year period": -0.01,
          "Quarter": "2019\tQ2"
        },
        {
          "Time": "2019-09-30T00:00:00",
          "Region": "APAC",
          "Revenues": 382304,
          "Paid net membership additions (losses)": 1543,
          "Paid memberships at end of period": 14485,
          "Average paying memberships": 13714,
          "Average revenue per membership (2)": 9.29,
          "% change as compared to prior-year period": 0,
          "Quarter": "2019\tQ3"
        },
        {
          "Time": "2019-12-31T00:00:00",
          "Region": "APAC",
          "Revenues": 418121,
          "Paid net membership additions (losses)": 1748,
          "Paid memberships at end of period": 16233,
          "Average paying memberships": 15359,
          "Average revenue per membership (2)": 9.07,
          "% change as compared to prior-year period": -0.01,
          "Quarter": "2019\tQ4"
        },
        {
          "Time": "2020-03-31T00:00:00",
          "Region": "APAC",
          "Revenues": 483660,
          "Paid net membership additions (losses)": 3602,
          "Paid memberships at end of period": 19835,
          "Average paying memberships": 18034,
          "Average revenue per membership (2)": 8.94,
          "% change as compared to prior-year period": -0.05,
          "Quarter": "2020\tQ1"
        },
        {
          "Time": "2020-06-30T00:00:00",
          "Region": "APAC",
          "Revenues": 569140,
          "Paid net membership additions (losses)": 2657,
          "Paid memberships at end of period": 22492,
          "Average paying memberships": 21164,
          "Average revenue per membership (2)": 8.96,
          "% change as compared to prior-year period": -0.04,
          "Quarter": "2020\tQ2"
        },
        {
          "Time": "2020-09-30T00:00:00",
          "Region": "APAC",
          "Revenues": 634891,
          "Paid net membership additions (losses)": 1012,
          "Paid memberships at end of period": 23504,
          "Average paying memberships": 22998,
          "Average revenue per membership (2)": 9.2,
          "% change as compared to prior-year period": -0.01,
          "Quarter": "2020\tQ3"
        },
        {
          "Time": "2020-12-31T00:00:00",
          "Region": "APAC",
          "Revenues": 684609,
          "Paid net membership additions (losses)": 1988,
          "Paid memberships at end of period": 25492,
          "Average paying memberships": 24498,
          "Average revenue per membership (2)": 9.32,
          "% change as compared to prior-year period": 0.03,
          "Quarter": "2020\tQ4"
        },
        {
          "Time": "2021-03-31T00:00:00",
          "Region": "APAC",
          "Revenues": 762414,
          "Paid net membership additions (losses)": 1361,
          "Paid memberships at end of period": 26853,
          "Average paying memberships": 26173,
          "Average revenue per membership (2)": 9.71,
          "% change as compared to prior-year period": 0.09,
          "Quarter": "2021\tQ1"
        },
        {
          "Time": "2021-06-30T00:00:00",
          "Region": "APAC",
          "Revenues": 799480,
          "Paid net membership additions (losses)": 1022,
          "Paid memberships at end of period": 27875,
          "Average paying memberships": 27364,
          "Average revenue per membership (2)": 9.74,
          "% change as compared to prior-year period": 0.09,
          "Quarter": "2021\tQ2"
        },
        {
          "Time": "2021-09-30T00:00:00",
          "Region": "APAC",
          "Revenues": 834002,
          "Paid net membership additions (losses)": 2176,
          "Paid memberships at end of period": 30051,
          "Average paying memberships": 28963,
          "Average revenue per membership (2)": 9.6,
          "% change as compared to prior-year period": 0.04,
          "Quarter": "2021\tQ3"
        },
        {
          "Time": "2021-12-31T00:00:00",
          "Region": "APAC",
          "Revenues": 870705,
          "Paid net membership additions (losses)": 2581,
          "Paid memberships at end of period": 32632,
          "Average paying memberships": 31342,
          "Average revenue per membership (2)": 9.26,
          "% change as compared to prior-year period": -0.01,
          "Quarter": "2021\tQ4"
        },
        {
          "Time": "2022-03-31T00:00:00",
          "Region": "APAC",
          "Revenues": 916754,
          "Paid net membership additions (losses)": 1087,
          "Paid memberships at end of period": 33719,
          "Average paying memberships": 33176,
          "Average revenue per membership (2)": 9.21,
          "% change as compared to prior-year period": -0.05,
          "Quarter": "2022\tQ1"
        },
        {
          "Time": "2022-06-30T00:00:00",
          "Region": "APAC",
          "Revenues": 907719,
          "Paid net membership additions (losses)": 1080,
          "Paid memberships at end of period": 34799,
          "Average paying memberships": 34259,
          "Average revenue per membership (2)": 8.83,
          "% change as compared to prior-year period": -0.09,
          "Quarter": "2022\tQ2"
        },
        {
          "Time": "2022-09-30T00:00:00",
          "Region": "APAC",
          "Revenues": 889037,
          "Paid net membership additions (losses)": 1429,
          "Paid memberships at end of period": 36228,
          "Average paying memberships": 35514,
          "Average revenue per membership (2)": 8.34,
          "% change as compared to prior-year period": -0.13,
          "Quarter": "2022\tQ3"
        },
        {
          "Time": "2022-12-31T00:00:00",
          "Region": "APAC",
          "Revenues": 856711,
          "Paid net membership additions (losses)": 1795,
          "Paid memberships at end of period": 38023,
          "Average paying memberships": 37126,
          "Average revenue per membership (2)": 7.69,
          "% change as compared to prior-year period": -0.17,
          "Quarter": "2022\tQ4"
        },
        {
          "Time": "2023-03-31T00:00:00",
          "Region": "APAC",
          "Revenues": 933523,
          "Paid net membership additions (losses)": 1455,
          "Paid memberships at end of period": 39478,
          "Average paying memberships": 38751,
          "Average revenue per membership (2)": 8.03,
          "% change as compared to prior-year period": -0.13,
          "Quarter": "2023\tQ1"
        },
        {
          "Time": "2023-06-30T00:00:00",
          "Region": "APAC",
          "Revenues": 919273,
          "Paid net membership additions (losses)": 1068,
          "Paid memberships at end of period": 40546,
          "Average paying memberships": 40012,
          "Average revenue per membership (2)": 7.66,
          "% change as compared to prior-year period": -0.13,
          "Quarter": "2023\tQ2"
        },
        {
          "Time": "2023-09-30T00:00:00",
          "Region": "APAC",
          "Revenues": 948216,
          "Paid net membership additions (losses)": 1881,
          "Paid memberships at end of period": 42427,
          "Average paying memberships": 41487,
          "Average revenue per membership (2)": 7.62,
          "% change as compared to prior-year period": -0.09,
          "Quarter": "2023\tQ3"
        }
      ]
    },
    {
      "name": "data_0",
      "source": "data-00a6bdedd8fbb1b7ed21c495843ba5ce",
      "transform": [
        {
          "type": "stack",
          "groupby": ["Quarter"],
          "field": "Revenues",
          "sort": {"field": ["Region"], "order": ["descending"]},
          "as": ["Revenues_start", "Revenues_end"],
          "offset": "zero"
        },
        {
          "type": "filter",
          "expr": "isValid(datum[\"Revenues\"]) && isFinite(+datum[\"Revenues\"])"
        }
      ]
    }
  ],
  "marks": [
    {
      "name": "marks",
      "type": "rect",
      "style": ["bar"],
      "from": {"data": "data_0"},
      "encode": {
        "update": {
          "fill": {"scale": "color", "field": "Region"},
          "tooltip": {
            "signal": "{\"Quarter\": isValid(datum[\"Quarter\"]) ? datum[\"Quarter\"] : \"\"+datum[\"Quarter\"], \"Revenues\": format(datum[\"Revenues\"], \"\")}"
          },
          "ariaRoleDescription": {"value": "bar"},
          "description": {
            "signal": "\"Quarter: \" + (isValid(datum[\"Quarter\"]) ? datum[\"Quarter\"] : \"\"+datum[\"Quarter\"]) + \"; Revenues: \" + (format(datum[\"Revenues\"], \"\")) + \"; Region: \" + (isValid(datum[\"Region\"]) ? datum[\"Region\"] : \"\"+datum[\"Region\"])"
          },
          "xc": {"scale": "x", "field": "Quarter", "band": 0.5},
          "width": {"value": 17},
          "y": {"scale": "y", "field": "Revenues_end"},
          "y2": {"scale": "y", "field": "Revenues_start"}
        }
      }
    }
  ],
  "scales": [
    {
      "name": "x",
      "type": "band",
      "domain": {"data": "data_0", "field": "Quarter", "sort": true},
      "range": [0, {"signal": "width"}],
      "paddingInner": 0.1,
      "paddingOuter": 0.05
    },
    {
      "name": "y",
      "type": "linear",
      "domain": {
        "data": "data_0",
        "fields": ["Revenues_start", "Revenues_end"]
      },
      "range": [{"signal": "height"}, 0],
      "nice": true,
      "zero": true
    },
    {
      "name": "color",
      "type": "ordinal",
      "domain": {"data": "data_0", "field": "Region", "sort": true},
      "range": "category"
    }
  ],
  "axes": [
    {
      "scale": "y",
      "orient": "left",
      "offset": 20,
      "gridScale": "x",
      "grid": true,
      "tickCount": {"signal": "ceil(height/40)"},
      "domain": false,
      "labels": false,
      "aria": false,
      "maxExtent": 0,
      "minExtent": 0,
      "ticks": false,
      "zindex": 0
    },
    {
      "scale": "x",
      "orient": "bottom",
      "grid": false,
      "title": "Quarter",
      "labelAngle": 315,
      "labelAlign": "right",
      "labelBaseline": "top",
      "zindex": 0
    },
    {
      "scale": "y",
      "orient": "left",
      "grid": false,
      "labelAngle": 0,
      "offset": 20,
      "labelAlign": "right",
      "labelOverlap": true,
      "tickCount": {"signal": "ceil(height/40)"},
      "zindex": 0
    }
  ],
  "legends": [{"title": "Region", "fill": "color", "symbolType": "square"}],
  "config": {
    "range": {
      "category": [
        "#f0e442",
        "#cc79a7",
        "#79c9cd",
        "#D55e00",
        "#780909",
        "#0b0000",
        "#dedede",
        "#43465e"
      ],
      "diverging": [
        "#ff7272",
        "#e80000",
        "#c10000",
        "#973333",
        "#640000",
        "#000000"
      ]
    },
    "axis": {"labelAngle": 45},
    "axisX": {
      "labelColor": "#F5F5F1",
      "titleColor": "#ededed",
      "domain": true,
      "domainColor": "#43465e",
      "domainWidth": 0.5,
      "grid": false,
      "labelFont": "Lato",
      "labelFontSize": 12,
      "labelAngle": 0,
      "tickColor": "#43465e",
      "tickSize": 5,
      "titleFont": "Lato",
      "titleFontSize": 12,
      "titlePadding": 10,
      "title": "X Axis Title (units)"
    },
    "axisY": {
      "domain": false,
      "domainColor": "#e4e4e4",
      "grid": true,
      "gridColor": "#43465e",
      "gridWidth": 1,
      "labelFont": "Lato",
      "labelFontSize": 12,
      "labelColor": "#F5F5F1",
      "labelAngle": 0,
      "ticks": false,
      "titleFont": "Lato",
      "titleFontSize": 12,
      "titlePadding": 10,
      "title": "Y Axis Title (units)",
      "titleAngle": 0,
      "titleY": -10,
      "titleX": 18
    },
    "legend": {"labelColor": "#888c95", "titleColor": "#dadada"},
    "style": {
      "guide-label": {"fill": "#fff"},
      "guide-title": {"fill": "#fff"},
      "cell": {"fill": "rgba(255, 0, 0, 0)", "stroke": "transparent"},
      "group-title": {
        "fontSize": 18,
        "font": "Lato",
        "subtitlefont": "Lato",
        "fill": "#ffffff"
      }
    }
  }
}
